% LITERATURE LIST

% Format ..... BibTeX
% Encoding ... UTF-8



@Book{Reference:00,
  Title                    = {title},
  Author                   = {author},
  Publisher                = {publisher},
  Year                     = {0000},

  Address                  = {adress},
  Edition                  = {1},

  ISBN                     = {0000000000, 0000000000000}
}

@Book{Reference:01,
  Title                    = {title},
  Author                   = {author},
  Publisher                = {publisher},
  Year                     = {0000},

  Owner                    = {surname.name},
  Timestamp                = {0000.00.00}
}